%% This BibTeX bibliography file was created using BibDesk.
%% https://bibdesk.sourceforge.io/

%% Created for Daniel Topa at 2024-12-27 11:34:24 -0700 


%% Saved with string encoding Unicode (UTF-8) 



@article{botezatu2023developing,
	author = {Botezatu, Ulpia Elena},
	date-added = {2024-12-27 11:34:10 -0700},
	date-modified = {2024-12-27 11:34:10 -0700},
	journal = {Redefining Community in Intercultural Context},
	number = {1},
	pages = {43--52},
	publisher = {Editura Academiei For»õelor Aeriene "Henri Coand{\u a}"},
	title = {Developing a Comprehensive Combat Mindset for Outer Space Security},
	volume = {11},
	year = {2023}}

@book{tomme2005paradigm,
	author = {Tomme, Edward B},
	date-added = {2024-12-27 11:34:10 -0700},
	date-modified = {2024-12-27 11:34:10 -0700},
	publisher = {Airpower Research Institute, College of Aerospace Doctrine, Research and Education},
	title = {The Paradigm Shift to Effects-Based Space: Near-Space as a Combat Space Effects Enabler},
	url = {https://apps.dtic.mil/sti/pdfs/ADA434352.pdf},
	year = {2005},
	bdsk-url-1 = {https://apps.dtic.mil/sti/pdfs/ADA434352.pdf}}

@article{jodice2014space,
	author = {Jodice, Adam P and Guerber, Mark R},
	date-added = {2024-12-27 11:34:10 -0700},
	date-modified = {2024-12-27 11:34:10 -0700},
	journal = {Air \& Space Power Journal},
	number = {6},
	pages = {82--99},
	publisher = {Air University Press},
	title = {Space Combat Capability... Do We Have It?},
	volume = {28},
	year = {2014}}

@misc{clarke2009satellite,
	author = {Keir Clarke},
	date-added = {2024-12-27 11:34:10 -0700},
	date-modified = {2024-12-27 11:34:10 -0700},
	howpublished = {Vimeo video},
	note = {A Google Earth Browser plug-in simulation of the Iridium 33 and Cosmos 2251 satellite collision. Accessed: 2024-12-25},
	title = {Satellite Crash},
	url = {https://vimeo.com/3218040},
	year = {2009},
	bdsk-url-1 = {https://vimeo.com/3218040}}

@misc{agi2009iridiumcosmos,
	author = {Analytical Graphics, Inc. (AGI)},
	date-added = {2024-12-27 11:34:10 -0700},
	date-modified = {2024-12-27 11:34:10 -0700},
	howpublished = {\url{https://web.archive.org/web/20100514075852/http://www.agi.com/media-center/multimedia/current-events/iridium-33-cosmos-2251-collision/default.aspx}},
	note = {Archived link accessed: 2024-12-25. Includes videos, 3D models, and interactive tools for understanding the event.},
	title = {Iridium 33 - Cosmos 2251 Collision},
	year = {2009}}

@techreport{osti965464,
	author = {Anonymous},
	date-added = {2024-12-27 11:34:10 -0700},
	date-modified = {2024-12-27 11:34:10 -0700},
	institution = {United States Department of Energy (DOE)},
	month = {October},
	note = {Accessed: 2024-12-25},
	title = {Analysis of Orbital Debris Impact Risks},
	url = {https://www.osti.gov/servlets/purl/965464},
	year = {2009},
	bdsk-url-1 = {https://www.osti.gov/servlets/purl/965464}}

@techreport{osti1022894,
	author = {Anonymous},
	date-added = {2024-12-27 11:34:10 -0700},
	date-modified = {2024-12-27 11:34:10 -0700},
	institution = {United States Department of Energy (DOE)},
	month = {August},
	note = {Accessed: 2024-12-25},
	title = {Satellite Collision Modeling with Physics-Based Hydrocodes: Debris Analysis},
	url = {https://www.osti.gov/servlets/purl/1022894},
	year = {2010},
	bdsk-url-1 = {https://www.osti.gov/servlets/purl/1022894}}

@inproceedings{mejia2009collision,
	address = {Daejeon, Korea},
	author = {Mej{\'\i}a-Kaiser, Martha},
	booktitle = {Proceedings of the 52nd IISL Colloquium on the Law of Outer Space},
	date-added = {2024-12-27 11:34:10 -0700},
	date-modified = {2024-12-27 11:34:10 -0700},
	day = {12},
	month = {October},
	note = {Posted: March 21, 2019. Accessed: 2024-12-25. Examines legal, political, and liability implications of the 2009 satellite collision.},
	organization = {International Institute of Space Law},
	pages = {87--118},
	title = {Collision Course: The 2009 Iridium-Cosmos Crash},
	url = {https://ssrn.com/abstract=3350010},
	year = {2009},
	bdsk-url-1 = {https://ssrn.com/abstract=3350010}}

@misc{listner2012iridium,
	author = {Michael Listner},
	date-added = {2024-12-27 11:34:10 -0700},
	date-modified = {2024-12-27 11:34:10 -0700},
	howpublished = {\url{https://www.thespacereview.com/article/2023/1}},
	note = {Accessed: 2024-12-25. Analysis of the long-term effects and current status of debris from the 2009 satellite collision.},
	title = {Iridium 33 and Cosmos 2251 Three Years Later: Where Are We Now?},
	year = {2012}}

@misc{wright2009satellite,
	author = {David Wright},
	date-added = {2024-12-27 11:34:10 -0700},
	date-modified = {2024-12-27 11:34:10 -0700},
	howpublished = {Union of Concerned Scientists Report},
	month = {February},
	note = {Accessed: 2024-12-25},
	title = {Colliding Satellites: Consequences and Implications},
	url = {https://www.ucsusa.org/sites/default/files/2019-10/SatelliteCollision-2-12-09.pdf},
	year = {2009},
	bdsk-url-1 = {https://www.ucsusa.org/sites/default/files/2019-10/SatelliteCollision-2-12-09.pdf}}

@book{foster1992parametric,
	author = {Foster, James Lee and Estes, Herbert S},
	date-added = {2024-12-27 11:30:13 -0700},
	date-modified = {2024-12-27 11:30:13 -0700},
	publisher = {NASA, National Aeronautics and Space Administration, Lyndon B. Johnson Space Center},
	title = {A parametric analysis of orbital debris collision probability and maneuver rate for space vehicles},
	year = {1992}}

@inproceedings{chan2001collision,
	author = {Chan, Ken},
	booktitle = {2001 Flight Mechanics Symposium},
	date-added = {2024-12-27 11:30:13 -0700},
	date-modified = {2024-12-27 11:30:13 -0700},
	title = {Collision probability analyses for earth-orbiting satellites},
	volume = {1},
	year = {2001}}

@book{mervart2005methods,
	author = {Mervart, Leos},
	date-added = {2024-12-27 11:30:13 -0700},
	date-modified = {2024-12-27 11:30:13 -0700},
	publisher = {Springer},
	title = {Methods of Celestial Mechanics},
	year = {2005}}

@article{alfano2009satellite,
	author = {Alfano, Salvatore},
	date-added = {2024-12-27 11:30:13 -0700},
	date-modified = {2024-12-27 11:30:13 -0700},
	journal = {Advances in Astronautical Sciences},
	pages = {2007--2024},
	title = {Satellite conjunction Monte Carlo analysis},
	volume = {134},
	year = {2009}}

@article{alfano2007review,
	author = {Alfano, Salvatore},
	date-added = {2024-12-27 11:30:13 -0700},
	date-modified = {2024-12-27 11:30:13 -0700},
	journal = {Advances in the Astronautical Sciences},
	number = {1},
	pages = {719},
	publisher = {Published for the American Astronautical Society by Univelt},
	title = {Review of conjunction probability methods for short-term encounters (AAS 07-148)},
	volume = {127},
	year = {2007}}

@book{morris1996analysis,
	abstract = {Smoothed Particle Hydrodynamics (SPH) is a Lagrangian numerical method for modeling fluid dynamics. The fluid is represented by particles, typically of fixed mass, which follow the fluid motion. This method is applied to various problems such as elastic flow, magnetohydrodynamics, gravity currents, and the fracture of brittle solids.},
	author = {Morris, Joseph Peter},
	date-added = {2024-12-27 11:30:13 -0700},
	date-modified = {2024-12-27 11:30:13 -0700},
	publisher = {Monash University Australia},
	title = {Analysis of Smoothed Particle Hydrodynamics with Applications},
	year = {1996}}

@techreport{liou2009orbital,
	abstract = {The NASA Orbital Debris Program Office, established in October 1979, pioneered the characterization of the orbital debris environment and developed comprehensive mitigation measures. This report highlights three decades of progress and challenges in orbital debris research.},
	author = {Liou, Jer-Chyi and Shoots, Debi},
	date-added = {2024-12-27 11:30:13 -0700},
	date-modified = {2024-12-27 11:30:13 -0700},
	title = {Orbital Debris Quarterly News, Volume 13, Issue 4},
	year = {2009}}

@incollection{space_strategy2017combat,
	author = {Jean-Luc Lefebvre},
	booktitle = {Space Strategy},
	chapter = {1},
	date-added = {2024-12-27 11:30:13 -0700},
	date-modified = {2024-12-27 11:30:13 -0700},
	doi = {10.1007/978-3-319-47313-5_1},
	note = {First published: March 17, 2017. Explores strategic analysis of combat in orbit and key orbital locations.},
	pages = {1--20},
	publisher = {Springer},
	title = {Combat within Space?},
	year = {2017},
	bdsk-url-1 = {https://doi.org/10.1007/978-3-319-47313-5_1}}

@misc{wikipedia2024spacewarfare,
	author = {Wikipedia contributors},
	date-added = {2024-12-27 11:30:13 -0700},
	date-modified = {2024-12-27 11:30:13 -0700},
	howpublished = {\url{https://en.wikipedia.org/wiki/Space_warfare}},
	note = {Accessed: 2024-12-25},
	title = {Space Warfare},
	year = {2024}}

@inproceedings{storz2001space,
	abstract = {The High Accuracy Satellite Drag Model is a new initiative launched by the Air Force Space Battlelab in January 2001...},
	author = {Storz, Mark F and Bowman, Bruce R and Branson, Major James I},
	booktitle = {Air Force Space Command, Space Analysis Center (ASAC), Peterson AFB. Presented at the AIAAA Astrodynamics Specialist Conference and Exhibit, August},
	date-added = {2024-12-27 11:02:18 -0700},
	date-modified = {2024-12-27 11:02:18 -0700},
	organization = {Citeseer},
	title = {Space Battlelab's High Accuracy Satellite Drag Model},
	volume = {5},
	year = {2001}}

@inproceedings{seitzer2007optical,
	abstract = {In this project one telescope was dedicated to survey operations...},
	author = {Seitzer, Patrick and Abercromby, K and Barker, E and Rodriguez, H},
	booktitle = {8th Air Force Maui Optical and Supercomputing (AMOS) Technical Conf. Wailea, Maui, Hawaii, USA},
	date-added = {2024-12-27 11:02:18 -0700},
	date-modified = {2024-12-27 11:02:18 -0700},
	pages = {10--14},
	title = {Optical studies of space debris at GEO-survey and follow-up with two telescopes},
	year = {2007}}

@article{seidelmann19821980,
	abstract = {In 1979 the Seventeenth General Assembly of the International Astronomical Union (IAU)...},
	author = {Seidelmann, P. K.},
	date-added = {2024-12-27 11:02:18 -0700},
	date-modified = {2024-12-27 11:02:18 -0700},
	journal = {Celestial Mechanics},
	number = {1},
	pages = {79--106},
	publisher = {Springer},
	title = {1980 IAU theory of nutation: The final report of the IAU working group on nutation},
	volume = {27},
	year = {1982}}

@article{pang1997approaches,
	abstract = {Visualized data often have dubious origins and quality...},
	author = {Pang, Alex T and Wittenbrink, Craig M and Lodha, Suresh K},
	date-added = {2024-12-27 11:02:18 -0700},
	date-modified = {2024-12-27 11:02:18 -0700},
	journal = {The Visual Computer},
	number = {8},
	pages = {370--390},
	publisher = {Citeseer},
	title = {Approaches to uncertainty visualization},
	volume = {13},
	year = {1997}}

@inproceedings{pascucci2001global,
	abstract = {In this paper we introduce a new indexing scheme for progressive traversal and visualization of large regular grids...},
	author = {Pascucci, Valerio and Frank, Randall J},
	booktitle = {Proceedings of the 2001 ACM/IEEE Conference on Supercomputing},
	date-added = {2024-12-27 11:02:18 -0700},
	date-modified = {2024-12-27 11:02:18 -0700},
	pages = {2--2},
	title = {Global static indexing for real-time exploration of very large regular grids},
	year = {2001}}

@misc{weeden2010iridiumcosmos,
	author = {Brian Weeden},
	date-added = {2024-12-27 11:02:18 -0700},
	date-modified = {2024-12-27 11:02:18 -0700},
	institution = {Secure World Foundation},
	month = {11},
	note = {Accessed: 2024-12-25},
	title = {2009 Iridium-Cosmos Collision Fact Sheet},
	url = {https://web.archive.org/web/20100514075852/http://www.swfound.org/media/6575/swf_iridium_cosmos_collision_fact_sheet_updated_2012.pdf},
	year = {2010},
	bdsk-url-1 = {https://web.archive.org/web/20100514075852/http://www.swfound.org/media/6575/swf_iridium_cosmos_collision_fact_sheet_updated_2012.pdf}}

@techreport{olivier2009high,
	abstract = {This paper describes the application of a new, integrated modeling and simulation framework...},
	author = {Olivier, Scot and Cook, Kem and Fasenfest, Ben and Jefferson, David and Jiang, Ming and Leek, Jim and Levatin, Joanne and Nikolaev, Sergei and Pertica, Alex and Phillion, Don},
	date-added = {2024-12-27 11:02:18 -0700},
	date-modified = {2024-12-27 11:02:18 -0700},
	institution = {Lawrence Livermore National Lab. (LLNL), Livermore, CA (United States)},
	title = {High-performance computer modeling of the Cosmos-Iridium collision},
	year = {2009}}

@article{alfriend1999probability,
	abstract = {The decision for the International Space Station (ISS) to maneuver to avoid a potential collision with another space object...},
	author = {Alfriend, Kyle T and Akella, Maruthi R and Frisbee, Joseph and Foster, James L and Lee, Deok-Jin and Wilkins, Matthew},
	date-added = {2024-12-27 11:02:18 -0700},
	date-modified = {2024-12-27 11:02:18 -0700},
	journal = {Space Debris},
	pages = {21--35},
	publisher = {Springer},
	title = {Probability of collision error analysis},
	volume = {1},
	year = {1999}}

@article{kessler1978collision,
	abstract = {As the number of artificial satellites in earth orbit increases, the probability of collisions between satellites also increases...},
	author = {Kessler, Donald J and Cour-Palais, Burton G},
	date-added = {2024-12-27 11:02:18 -0700},
	date-modified = {2024-12-27 11:02:18 -0700},
	journal = {Journal of Geophysical Research: Space Physics},
	number = {A6},
	pages = {2637--2646},
	publisher = {Wiley Online Library},
	title = {Collision frequency of artificial satellites: The creation of a debris belt},
	volume = {83},
	year = {1978}}

@misc{celestrak2009collision,
	author = {CelesTrak Team},
	date-added = {2024-12-27 11:02:18 -0700},
	date-modified = {2024-12-27 11:02:18 -0700},
	howpublished = {\\url{http://celestrak.com/events/collision.asp}},
	note = {Coverage started March 5, 2009. Updated March 11, 2009. Accessed: 2024-12-25},
	title = {Iridium 33/Cosmos 2251 Collision},
	year = {2009}}
