%% This BibTeX bibliography file was created using BibDesk.
%% https://bibdesk.sourceforge.io/

%% Created for Daniel M. Topa at 2022-11-20 23:51:11 -0700 


%% Saved with string encoding Unicode (UTF-8) 



@book{fermi1995notes,
	author = {Fermi, Enrico},
	date-added = {2022-11-19 11:06:12 -0700},
	date-modified = {2022-11-19 11:06:12 -0700},
	publisher = {University of Chicago Press},
	title = {Notes on quantum mechanics},
	year = {1995}}

@book{fermi1950nuclear,
	author = {Fermi, Enrico},
	date-added = {2022-11-19 11:05:44 -0700},
	date-modified = {2022-11-19 11:05:44 -0700},
	publisher = {University of Chicago Press},
	title = {Nuclear physics: a course given by Enrico Fermi at the University of Chicago},
	year = {1950}}

@article{frankel1947calculations,
	author = {Frankel, S and Metropolis, N},
	date-added = {2022-11-19 11:01:09 -0700},
	date-modified = {2022-11-19 11:01:09 -0700},
	journal = {Physical Review},
	number = {10},
	pages = {914},
	publisher = {APS},
	title = {Calculations in the liquid-drop model of fission},
	volume = {72},
	year = {1947}}

@article{reed2009bohr,
	author = {Reed, B Cameron},
	date-added = {2022-11-19 10:57:48 -0700},
	date-modified = {2022-11-19 10:57:48 -0700},
	journal = {European journal of physics},
	number = {4},
	pages = {763},
	publisher = {IOP Publishing},
	title = {The Bohr--Wheeler spontaneous fission limit: an undergraduate-level derivation},
	volume = {30},
	year = {2009}}

@book{sansone1959orthogonal,
	author = {Sansone, G},
	date-added = {2022-11-18 17:13:02 -0700},
	publisher = {Interscience},
	title = {Orthogonal Functions},
	year = {1959}}

@article{hamilton1986exotic,
	author = {Hamilton, JH and Maruhn, JA},
	date-added = {2022-11-18 15:55:54 -0700},
	date-modified = {2022-11-18 15:55:54 -0700},
	journal = {Scientific American},
	number = {1},
	pages = {80--89},
	publisher = {JSTOR},
	title = {Exotic atomic nuclei},
	volume = {255},
	year = {1986}}

@article{hofstadter1956atomic,
	author = {Hofstadter, Robert},
	date-added = {2022-11-18 15:55:39 -0700},
	date-modified = {2022-11-18 15:55:39 -0700},
	journal = {Scientific American},
	number = {1},
	pages = {55--70},
	publisher = {JSTOR},
	title = {The atomic nucleus},
	volume = {195},
	year = {1956}}

@article{bertsch1983vibrations,
	author = {Bertsch, George F},
	date-added = {2022-11-18 15:54:47 -0700},
	date-modified = {2022-11-18 15:54:47 -0700},
	journal = {Scientific American},
	number = {5},
	pages = {62--73},
	publisher = {JSTOR},
	title = {Vibrations of the atomic nucleus},
	volume = {248},
	year = {1983}}

@article{peierls1959atomic,
	author = {Peierls, RE},
	date-added = {2022-11-18 14:04:34 -0700},
	date-modified = {2022-11-18 14:04:34 -0700},
	journal = {Scientific American},
	number = {1},
	pages = {75--84},
	publisher = {JSTOR},
	title = {The atomic nucleus},
	volume = {200},
	year = {1959}}

@article{austin1995halo,
	author = {Austin, Sam M and Bertsch, George F},
	date-added = {2022-11-18 14:03:22 -0700},
	date-modified = {2022-11-18 14:03:22 -0700},
	journal = {Scientific American},
	number = {6},
	pages = {90--95},
	publisher = {JSTOR},
	title = {Halo nuclei},
	volume = {272},
	year = {1995}}

@article{mayer1951structure,
	author = {Mayer, Maria G},
	date-added = {2022-11-18 14:00:36 -0700},
	date-modified = {2022-11-18 14:00:36 -0700},
	journal = {Scientific American},
	number = {3},
	pages = {22--27},
	publisher = {JSTOR},
	title = {The structure of the nucleus},
	volume = {184},
	year = {1951}}

@article{weisskopf1955model,
	author = {Weisskopf, Victor F and Rosenbaum, EP},
	date-added = {2022-11-18 13:59:22 -0700},
	date-modified = {2022-11-18 13:59:22 -0700},
	journal = {Scientific American},
	number = {6},
	pages = {84--91},
	publisher = {JSTOR},
	title = {A Model of the Nucleus},
	volume = {193},
	year = {1955}}

@article{bohr1939mechanism,
	author = {Bohr, Niels and Wheeler, John Archibald},
	journal = {Physical Review},
	number = {5},
	pages = {426},
	publisher = {APS},
	title = {The mechanism of nuclear fission},
	volume = {56},
	year = {1939}}

@book{reed2011physics,
	author = {Reed, Bruce Cameron and Mihailidis, Dimitris},
	publisher = {Springer},
	title = {the Physics of the Manhattan Project},
	year = {2011}}

@techreport{serber1943alamos,
	author = {Serber, Robert},
	title = {Los Alamos Primer},
	year = {1943}}

@incollection{serber2020alamos,
	author = {Serber, Robert},
	booktitle = {The Los Alamos Primer},
	publisher = {University of California Press},
	title = {The Los Alamos Primer},
	year = {2020}}

@article{reed2016physicists,
	author = {Reed, B Cameron},
	journal = {Physica Scripta},
	number = {11},
	pages = {113002},
	publisher = {IOP Publishing},
	title = {A physicists guide to The Los Alamos Primer},
	volume = {91},
	year = {2016}}
